@misc{website:RayTracing,
      author = "Jacco Bikker",
      title = "Raytracing Topics \& Techniques",
      month = "November",
      year = "2004",
      url = "http://www.flipcode.com/archives/Raytracing_Topics_Techniques-Part_7_Kd-Trees_and_More_Speed.shtml"
},
@misc{website:VolumeShadows,
      author = "Ilya Baran et al.",
      title = "A Hierarchical Volumetric Shadow Algorithm for Single Scattering",
      url = "http://groups.csail.mit.edu/graphics/volumeshadows/vs.pdf"
},
@misc{website:RayTracingSlides,
      author = "Han-Wei Shan",
      title = "Ray Tracing Basics",
      url = "http://web.cse.ohio-state.edu/~hwshen/681/Site/Slides_files/basic_algo.pdf"
},
@misc{website:RayTracingSlidesSaty,
      author = "Saty Raghavachary",
      title = "Ray Tracing",
      url = "http://www-bcf.usc.edu/~saty/edu/courses/CS580/f14/lectures/notes/Lect_RT/RT.html"
}, 
